@online{spoonkillervideo,
	author = {Richard Gale},
	title = {The Horribly Slow Murderer with the Extremely Inefficient Weapon},
	date = {2009-09-21},
	url = {https://www.youtube.com/watch?v=9VDvgL58h_Y},
	urldate = {2016-06-09},
}

@online{spoonkillerwiki,
	author = {Anonymous},
	title = {The Horribly Slow Muerderer with the Extremely Innefficient Weapon},
	url = {https://en.wikipedia.org/wiki/The_Horribly_Slow_Murderer_with_the_Extremely_Inefficient_Weapon},
	urldate = {2016-06-09},
}